
@inproceedings{
s2001,
author = "Julian Seward",
title = "Space-time tradeoffs in the inverse {B-W} transform",
booktitle = "Proc. IEEE Data Compression Conference",
publisher = "IEEE",
year = 2001,
pages = "439--448"
}

@inproceedings{ll2005,
  author    = {Ulrich Lauther and
               Tam{\'a}s Lukovszki},
  title     = {Space Efficient Algorithms for the {B}urrows-{W}heeler Backtransformation},
  booktitle = {Proc.\ 13th Annual European Symposium on Algorithms},
  year      = {2005},
  pages     = {293-304},
  publisher = {Springer},
  series    = {LNCS},
  volume    = {3669},
}

@article{nm2007,
  AUTHOR =       {G. Navarro and V. M{\"a}kinen},
  TITLE =        {Compressed Full-Text Indexes},
  JOURNAL =      {ACM Computing Surveys},
  year =         {2007},
  volume =       {39},
  number =       {1},
  pages =        {Article~2}
}
