
@inproceedings{
s2001,
author = "Julian Seward",
title = "Space-time tradeoffs in the inverse {B-W} transform",
booktitle = "Proc. IEEE Data Compression Conference",
publisher = "IEEE",
year = 2001,
pages = "439--448"
}

@inproceedings{ll2005,
  author    = {Ulrich Lauther and
               Tam{\'a}s Lukovszki},
  title     = {Space Efficient Algorithms for the {B}urrows-{W}heeler Backtransformation},
  booktitle = {Proc.\ 13th Annual European Symposium on Algorithms},
  year      = {2005},
  pages     = {293-304},
  publisher = {Springer},
  series    = {LNCS},
  volume    = {3669},
}

@article{nm2007,
  AUTHOR =       {G. Navarro and V. M{\"a}kinen},
  TITLE =        {Compressed Full-Text Indexes},
  JOURNAL =      {ACM Computing Surveys},
  year =         {2007},
  volume =       {39},
  number =       {1},
  pages =        {Article~2}
}
@article{3242d341,
     author = {Dey, T. K.},
     title = { Improved Bounds for Planar k -Sets and Related Problems},
     journal = {Discrete and Computational Geometry},
     volume = {19},
     number = {3},
     year = {1998},
     pages = {373--382},
     doi = {http://dx.doi.org/10.1007/PL00009354},
     publisher = {Springer},
}

@article{3242341,
     author = {Miller, Kim and Ramaswami, Suneeta and Rousseeuw, Peter and Sellarès, J. Antoni and Souvaine, Diane and Streinu, Ileana and Struyf, Anja},
     title = { Efficient computation of location depth contours by methods of computational geometry},
     journal = {Statistics and Computing},
     volume = {13},
     number = {2},
     year = {2003},
     pages = {153--162},
     doi = {http://dx.doi.org/10.1023/A:1023208625954},
     publisher = {Springer},
}

@article{aur,
     author = {Aurenhammer, Franz},
     title = {Voronoi diagrams---a survey of a fundamental geometric data structure},
     journal = {ACM Comput. Surv.},
     volume = {23},
     number = {3},
     year = {1991},
     issn = {0360-0300},
     pages = {345--405},
     doi = {http://doi.acm.org/10.1145/116873.116880},
     publisher = {ACM},
     address = {New York, NY, USA},
}

@ARTICLE{1056714,
    author={ Edelsbrunner, H. and Kirkpatrick, D. and Seidel, R.},
    journal={Information Theory, IEEE Transactions on}, title={On the shape of a set of points in the plane},
    year={1983},
    month={jul},
    volume={29},
    number={4},
    pages={ 551 - 559},
    keywords={ Geometry; Image analysis, shape; Image shape analysis;},
    doi={},
    ISSN={0018-9448},
}

@article{23797,
     author = {Cole, Richard and Sharir, Micha and Yap, Chee K},
     title = {On k-hulls and related problems},
     journal = {SIAM J. Comput.},
     volume = {16},
     number = {1},
     year = {1987},
     issn = {0097-5397},
     pages = {61--77},
     doi = {http://dx.doi.org/10.1137/0216005},
     publisher = {Society for Industrial and Applied Mathematics},
     address = {Philadelphia, PA, USA},
}

@article{31183,
 author = {Melkman, Avraham A.},
 title = {On-line construction of the convex hull of a simple polyline},
 journal = {Inf. Process. Lett.},
 volume = {25},
 number = {1},
 year = {1987},
 issn = {0020-0190},
 pages = {11--12},
 doi = {http://dx.doi.org/10.1016/0020-0190(87)90086-X},
 publisher = {Elsevier North-Holland, Inc.},
 address = {Amsterdam, The Netherlands, The Netherlands},
 }
 
@article{156635,
 author = {Edelsbrunner, Herbert and M\"{u}cke, Ernst P.},
 title = {Three-dimensional alpha shapes},
 journal = {ACM Trans. Graph.},
 volume = {13},
 number = {1},
 year = {1994},
 issn = {0730-0301},
 pages = {43--72},
 doi = {http://doi.acm.org/10.1145/174462.156635},
 publisher = {ACM},
 address = {New York, NY, USA},
 }
 
 @article{edel2010,
 author = {Edelsbrunner, Herbert},
 title = {Alpha Shapes — a Survey},
 journal = {Tessellations in the Sciences (to appear) },
 year = {2010},
 address = {Departments of Computer Science and of Mathematics, Duke University, Durham,
North Carolina, USA, Geomagic, Research Triangle Park, North Carolina, USA,
and IST Austria (Institute of Science and Technology Austria).
},
  URL = {http://www.cs.duke.edu/~edels/Papers/2010-B-01-AlphaShapes.pdf},
  VALID =  "21.4.2010",
 }

@article{Edelsbrunner198515,
title = "On the number of line separations of a finite set in the plane",
journal = "Journal of Combinatorial Theory, Series A",
volume = "38",
number = "1",
pages = "15 - 29",
year = "1985",
note = "",
issn = "0097-3165",
doi = "DOI: 10.1016/0097-3165(85)90017-2",
author = "H. Edelsbrunner and E. Welzl"
}

@article{eul,
title = "Solutio problematis ad geometriam situs pertinentis",
journal = "Commentarii Academiae Scientiarum Petropolitanae",
volume = "8",
pages = "128 - 140",
year = "1741",
note = "",
author = "Leonhard Euler"
}

@www-misc(tufts,
  author = "{Tufts University}",
  TITLE  = "{Statistical Data Depth at Tufts}",
  URL    = "http://www.cs.tufts.edu/research/geometry/depth/",
  VALID        =  "02.05.2010"
)

